
 @misc{googleTrends:nodeJS,
 	author = {{Google}},
 	title = {Node.JS Trend --- Google Trends},
 	year = {2016},
 	howpublished  = {https://www.google.de/trends},
 	note = {last visit: 13~Jan 2016}
 }
 
 @misc{w3techs:serversidePLUsage,
 	author = {{W3Techs}},
 	title = {Usage of server-side programming languages for websites},
 	year = {2016},
 	howpublished  = {http://w3techs.com/technologies/overview/programming\_language/all},
 	note = {last visit: 13~Jan 2016}
 }
 
 @misc{cockburn:elephant,
 	author = {{Alistair Cockburn}},
 	title = {Elephant carpaccio},
 	year = {2008},
 	howpublished  = {http://alistair.cockburn.us/Elephant+carpaccio},
 	note = {last visit: 13~Jan 2016}
 }